<?xml version="1.0" encoding="UTF-8"?><collection xmlns="http://www.loc.gov/MARC21/slim"><record><leader>00347nam--2200121-i-4500</leader><controlfield tag="001">000045161</controlfield><controlfield tag="002">20161230</controlfield><controlfield tag="005">20161230201044</controlfield><controlfield tag="008">060222s1000------------r-----000-0-eng-d</controlfield><datafield ind1=" " ind2=" " tag="080"><subfield code="a">625=20=850</subfield></datafield><datafield ind1=" " ind2=" " tag="245"><subfield code="a">Trans-european north-south motorway project (tem). glossary. english-czech. czech-english</subfield></datafield><datafield ind1=" " ind2=" " tag="260"><subfield code="a">Geneve,Undp, 1987, /P.Dif.</subfield></datafield><datafield ind1=" " ind2=" " tag="852"><subfield code="a">D.687</subfield></datafield></record></collection>